<record><leader>00000cas a22000007a 4500</leader><controlfield tag="001">11982343</controlfield><controlfield tag="008">850430d18931924inuwr ne      0    0eng d</controlfield><datafield ind1=" " ind2=" " tag="010"><subfield code="a">sn 85047789 </subfield></datafield><datafield ind1=" " ind2=" " tag="040"><subfield code="a">NPI</subfield><subfield code="b">eng</subfield><subfield code="c">NPI</subfield><subfield code="d">OCLCQ</subfield></datafield><datafield ind1=" " ind2=" " tag="042"><subfield code="a">msc</subfield></datafield><datafield ind1="0" ind2="4" tag="245"><subfield code="a">The Greensburg new era.</subfield></datafield><datafield ind1=" " ind2=" " tag="260"><subfield code="a">Greensburg, Ind. :</subfield><subfield code="b">J.W. Rucker &amp; Co.,</subfield><subfield code="c">1893-1924.</subfield></datafield><datafield ind1=" " ind2=" " tag="300"><subfield code="a">v. :</subfield><subfield code="b">ill. (chiefly advertisements) ;</subfield><subfield code="c">55 cm.</subfield></datafield><datafield ind1=" " ind2=" " tag="310"><subfield code="a">Weekly</subfield></datafield><datafield ind1="0" ind2=" " tag="362"><subfield code="a">Vol. 28, no. 32 (Apr. 5, 1893)-v. 61, no. 23 (June 12, 1924).</subfield></datafield><datafield ind1=" " ind2=" " tag="580"><subfield code="a">Also published in daily editions: 1895-1897, Greensburg daily new era; 1901-1903?, Greensburg daily graphic; 1904?-1915, Morning graphic.</subfield></datafield><datafield ind1=" " ind2=" " tag="752"><subfield code="a">United States</subfield><subfield code="b">Indiana</subfield><subfield code="c">Decatur</subfield><subfield code="d">Greensburg.</subfield></datafield><datafield ind1="1" ind2=" " tag="775"><subfield code="t">Greensburg daily new era</subfield><subfield code="w">(DLC)sn 85047790</subfield></datafield><datafield ind1="1" ind2=" " tag="775"><subfield code="t">Greensburg daily graphic</subfield><subfield code="w">(DLC)sn 85047792</subfield></datafield><datafield ind1="1" ind2=" " tag="775"><subfield code="t">Morning graphic</subfield><subfield code="w">(DLC)sn 85047791</subfield></datafield><datafield ind1="0" ind2="0" tag="780"><subfield code="t">New era (Greensburg, Ind.)</subfield><subfield code="w">(DLC)sn 85047788</subfield></datafield></record>